%% This BibTeX bibliography file was created using BibDesk.
%% http://bibdesk.sourceforge.net/


%% Created for Jacob Burba at 2016-07-06 16:37:54 -0700 


%% Saved with string encoding Unicode (UTF-8) 



@article{2005ApJ...622..759G,
	Adsnote = {Provided by the SAO/NASA Astrophysics Data System},
	Adsurl = {http://adsabs.harvard.edu/abs/2005ApJ...622..759G},
	Author = {{G{\'o}rski}, K.~M. and {Hivon}, E. and {Banday}, A.~J. and {Wandelt}, B.~D. and {Hansen}, F.~K. and {Reinecke}, M. and {Bartelmann}, M.},
	Date-Added = {2016-07-06 21:10:17 +0000},
	Date-Modified = {2016-07-06 21:10:17 +0000},
	Doi = {10.1086/427976},
	Eprint = {astro-ph/0409513},
	Journal = {\apj},
	Keywords = {Cosmology: Cosmic Microwave Background, Cosmology: Observations, Methods: Statistical},
	Month = apr,
	Pages = {759-771},
	Title = {{HEALPix: A Framework for High-Resolution Discretization and Fast Analysis of Data Distributed on the Sphere}},
	Volume = 622,
	Year = 2005,
	Bdsk-Url-1 = {http://dx.doi.org/10.1086/427976}}
